@article{dufrene2002atomic,
	title = {Atomic Force Microscopy - A Powerful Tool In Microbiology},
	author = {Dufr{\^e}ne, Yves F},
	journal = {Journal of bacteriology},
	volume = {184},
	number = {19},
	pages = {5205--5213},
	year = {2002},
}

@article{kosachev2012spsecific,
	title = {The Specifics Of Russian Soft Power},
	author = {Kosachev, Konstantin},
	journal = {Russia in Global Affairs},
	volume = {7},
	number = {3},
	pages = {1--11},
	year = {2012},
}
