@book{bohomolov2012ghost,
	title={A ghost in the mirror: Russian soft power in Ukraine},
	author={Bohomolov, Oleksandr and Lytvynenko, Oleksandr ValeriÄ­ovych},
    year={2012},
    publisher={Chatham House London}
}

@article{dufrene2002atomic,
	title={Atomic force microscopy, a powerful tool in microbiology},
	author={Dufr{\^e}ne, Yves F},
	journal={Journal of bacteriology},
	volume={184},
	number={19},
	pages={5205--5213},
	year={2002},
	publisher={Am Soc Microbiol}
}
